@book{d√ºwel,
  title={Runenkunde},
  author={D{\"u}wel, K.},
  isbn={9783476130723},
  series={Sammlung Metzler},
  year={2001},
  publisher={Metzler}
}

